
@article{simo2015sharing,
	title={Sharing low-cost wireless infrastructures with telecommunications operators to bring 3G services to rural communities},
	author={Simo-Reigadas, Javier and Municio, Esteban and Morgado, Eduardo and Castro, Eva M and Martinez, Andres and Solorzano, Luis F and Prieto-Egido, Ignacio},
	journal={Computer Networks},
	volume={93},
	pages={245--259},
	year={2015},
	publisher={Elsevier}
}

@inproceedings{simo2014assessing,
	title={Assessing IEEE 802.11 and IEEE 802.16 as backhaul technologies for rural 3G femtocells in rural areas of developing countries},
	author={Simo-Reigadas, Javier and Morgado, Eduardo and Municio, Esteban and Prieto-Egido, Ignacio and Martinez, A},
	booktitle={Proc. of EUCNC'14 Conference},
	year={2014}
}

@ELECTRONIC{Mikrotik,
	author = {{Mikrotik router and wireless}},
	title = {\url{https://www.mikrotik.com}}
}

@ELECTRONIC{MacLayer,
	author = {{MAC layer}},
	title = {\url{https://hewlettpackard.github.io/wireless-tools/}}
}

@ELECTRONIC{Iperf,
	author = {{Iperf}},
	title = {\url{https://iperf.fr/}}
}

@ELECTRONIC{Nagios,
	author = {{Nagios}},
	title = {\url{https://www.nagios.org/}}
}

@ELECTRONIC{Zabbix,
	author = {{Zabbix}},
	title = {\url{https://www.zabbix.com/}}
}

@ELECTRONIC{Pandora,
	author = {{Pandora FMS ENTERPRISE}},
	title = {\url{https://pandorafms.com/es/}}
}

@ELECTRONIC{PostFix,
	author = {{PostFix}},
	title = {\url{http://www.postfix.org/}}
}

@article{espinoza2018wireless,
  title={Wireless technologies and policies for connecting rural areas in emerging countries: a case study in rural Peru},
  author={Espinoza, David and Reed, David},
  journal={Digital Policy, Regulation and Governance},
  volume={20},
  number={5},
  pages={479--511},
  year={2018},
  publisher={Emerald Publishing Limited}
}

@ELECTRONIC{VNL,
	author = {{Vihaan Networks Limited}},
	title = {\url{http://www.vnl.in}}
}

@ELECTRONIC{Ubiquiti,
	author = {{Ubiquiti Networks}},
	title = {\url{https://www.ubnt.com}}
}

@article{bebea2010diseno,
  title={Dise{\~n}o de un plan de sostenibilidad para redes de comunicaciones rurales: estudio del caso NAPO},
  author={Bebea Gonz{\'a}lez, In{\'e}s},
  year={2010},
  publisher={Universidad Rey Juan Carlos}
}

@mastersthesis{salguero2009propuesta,
  title={Propuesta de metodolog{\'\i}a de dise{\~n}o de redes inal{\'a}mbricas extensas de banda ancha para zonas aisladas en pa{\'\i}ses en v{\'\i}as de desarrollo},
  author={Salguero Hern{\'a}ndez, Beatriz and others},
  type={{B.S.} thesis},
  year={2009}
}

@article{martinez2016tucan3g,
  title={The TUCAN3G project: wireless technologies for isolated rural communities in developing countries based on 3G small-cell deployments},
  author={Mart{\'\i}nez Fern{\'a}ndez, Andr{\'e}s and Vidal Manzano, Jos{\'e} and Sim{\'o} Reigadas, Javier and Prieto Egido, Ignacio and Agust{\'\i}n de Dios, Adri{\'a}n and Paco, Juan and Rend{\'o}n, {\'A}lvaro},
  journal={IEEE communications magazine},
  volume={54},
  number={7},
  pages={36--43},
  year={2016}
}

@inproceedings{rey2011telemedicine,
  title={A telemedicine WiFi network optimized for long distances in the Amazonian jungle of Peru},
  author={Rey-Moreno, Carlos and Bebea-Gonzalez, Ines and Foche-Perez, Ignacio and Quispe-Tacas, River and Li{\~n}{\'a}n-Benitez, Leopoldo and Simo-Reigadas, Javier},
  booktitle={Proceedings of the 3rd Extreme Conference on Communication: The Amazon Expedition},
  pages={9},
  year={2011},
  organization={ACM}
}

@article{botta2013d,
  title={D-ITG 2.8. 1 Manual},
  author={Botta, Alessio and de Donato, Walter and Dainotti, Alberto and Avallone, Stefano and Pescape, Antonio},
  journal={Computer for Interaction and Communications (COMICS) Group, Department of Electrical Engineering and Information Technologies, University of Naples Federico II, Naples, Italy (www. grid. unina. it/software/ITG/manual)},
  year={2013}
}

@ELECTRONIC{tucan3gd52,
	author = {{TUCAN3G. D52: Heterogeneous transport network testbed deployed and validated in laboratory.}},
	title = {\url{http://www.ict-tucan3g.eu/documents/deliverables/TROPIC_D52URJCa.pdf}}
}

@ELECTRONIC{tucan3gd51,
	author = {{TUCAN3G. D51: Technical requirements and evaluation of WiLD, WIMAX and VSAT for backhauling rural femtocells networks.}},
	title = {\url{http://www.ict-tucan3g.eu/documents/deliverables/TUCAN3G_D51URJCa.pdf}}
}

@book{molisch2012wireless,
  title={Wireless communications},
  author={Molisch, Andreas F},
  volume={34},
  year={2012},
  publisher={John Wiley \& Sons}
}

@ELECTRONIC{nstremeFigures,
	author = {{Advantages and disadvanteges of Mikrotik NV2 protocol on wireless networks.}},
	title = {\url{http://ijcat.com/archives/volume4/issue11/ijcatr04111002.pdf}}
}

@ELECTRONIC{ijcat,
	author = {{International Journal of Computer Applications Technology and Research}},
	title = {\url{http://www.ijcat.com/}}
}

@ELECTRONIC{gsyc,
	author = {{Departamento de Sistemas Telemáticos y Computación}},
	title = {\url{https://gsyc.urjc.es/}}
}

@ELECTRONIC{eccs,
	author = {{Electrical Engineering and Computer Science, University of Michigan}},
	title = {\url{https://www.eecs.umich.edu/}}
}

@ELECTRONIC{miro,
	author = {{Miro, Wireless IP convergence}},
	title = {\url{https://www.miro.co.za/}}
}

@ELECTRONIC{3gpp,
	author = {{The 3rd Generation Partnership Project (3GPP)}},
	title = {\url{http://http://www.3gpp.org/}}
}